@techreport{3GPP_38_401,
 author = {3GPP},
 institution = {{3rd Generation Partnership Project (3GPP)}},
 number = {38.401},
 title = {{NG-RAN; Architecture description}},
 type = {Technical Specification (TS)},
 url = {https://www.etsi.org/deliver/etsi_ts/138400_138499/138401/15.09.00_60/ts_138401v150900p.pdf}
}

@techreport{3GPP_23_502,
 author = {3GPP},
 institution = {{3rd Generation Partnership Project (3GPP)}},
 number = {23.502},
 title = {{5G;
Procedures for the 5G System(3GPP TS 23.502 version 15.2.0 Release 15}},
 type = {Technical Specification (TS)},
 url = {https://www.etsi.org/deliver/etsi_ts/123500_123599/123502/15.02.00_60/ts_123502v150200p.pdf}
}

@techreport{ATIS_3GPP_38_821,
 author = {ATIS},
 institution = {{Alliance for Telecommunications Industry Solutions}},
 number = {38.821},
 title = {{3rd Generation Partnership Project;
Technical Specification Group Radio Access Network;
Solutions for NR to support non-terrestrial networks (NTN)
(Release 16)}},
 type = {Technical Specification (TS)},
 url = {https://www.atis.org/wp-content/uploads/3gpp-documents/Rel16/ATIS.3GPP.38.821.V1600.pdf}
}

@MISC{esp32, HOWPUBLISHED = "\url{https://www.espressif.com/sites/default/files/documentation/esp32_datasheet_en.pdf}",TITLE = "ESP32 Datasheet",AUTHOR={Espressif},
}

@MISC{VLC, HOWPUBLISHED = "\url{https://wiki.videolan.org/Documentation:Streaming_HowTo/}",TITLE = "Documentation:Streaming HowTo",AUTHOR = {Alexis de Lattre, Johan Bilien, Anil Daoud},
}

@MISC{Vaman, HOWPUBLISHED = "\url{https://www.optimuslogic.in/product_pygmy.html}",TITLE = "VAMAN : pygmy BB4",AUTHOR = {OptimusLogic},
}

@MISC{Comparision_controllers, HOWPUBLISHED = "\url{shorturl.at/etA37}",TITLE = "RP2040 VS ATMEGA328 VS ESP32 VS STM32: Comparison some parameters of Microcontrollers",AUTHOR = {William},
}

@MISC{PWM_control, HOWPUBLISHED = "\url{https://www.electronics-tutorials.ws/blog/pulse-width-modulation.html}",TITLE = "PWM for motor control",AUTHOR = {electronics-tutorials},
}

@MISC{Serial_protocols, HOWPUBLISHED = "\url{https://www.rfwireless-world.com/Terminology/UART-vs-SPI-vs-I2C.html}",TITLE = "Difference between UART, SPI and I2C",AUTHOR = {rfwireless-world},
}

@MISC{FreeRTOS_task, HOWPUBLISHED = "\url{https://www.freertos.org/a00125.html}",TITLE = "Task creation using FreeRTOS",AUTHOR = {FreeRTOS},
}

@MISC{L298N, HOWPUBLISHED = "\url{https://components101.com/modules/l293n-motor-driver-module}",TITLE = "L298N motor driver module",AUTHOR = {components101},
}

@MISC{Free5GC, HOWPUBLISHED = "\url{https://www.free5gc.org/}",TITLE = "Free5GC",AUTHOR = {Free5GC},
}



