@MISC{esp32, HOWPUBLISHED = "\url{https://www.espressif.com/sites/default/files/documentation/esp32_datasheet_en.pdf}",TITLE = "ESP32 Datasheet",
}

@MISC{VLC, HOWPUBLISHED = "\url{https://wiki.videolan.org/Documentation:Streaming_HowTo/}",TITLE = "Documentation:Streaming HowTo",AUTHOR = {Alexis de Lattre, Johan Bilien, Anil Daoud},
}

@misc{components101, title={L298N motor driver module}, url={https://components101.com/modules/l293n-motor-driver-module}, journal={Components101}
} 

@techreport{3GPP_38_401,
 author = {3GPP},
 institution = {{3rd Generation Partnership Project (3GPP)}},
 number = {38.401},
 title = {{NG-RAN; Architecture description}},
 type = {Technical Specification (TS)},
 url = {https://www.etsi.org/deliver/etsi_ts/138400_138499/138401/15.09.00_60/ts_138401v150900p.pdf}
}

@techreport{3GPP_23_502,
 author = {3GPP},
 institution = {{3rd Generation Partnership Project (3GPP)}},
 number = {23.502},
 title = {{5G;
Procedures for the 5G System(3GPP TS 23.502 version 15.2.0 Release 15}},
 type = {Technical Specification (TS)},
 url = {https://www.etsi.org/deliver/etsi_ts/123500_123599/123502/15.02.00_60/ts_123502v150200p.pdf}
}

@techreport{ATIS_3GPP_38_821,
 author = {ATIS},
 institution = {{Alliance for Telecommunications Industry Solutions}},
 number = {38.821},
 title = {{3rd Generation Partnership Project;
Technical Specification Group Radio Access Network;
Solutions for NR to support non-terrestrial networks (NTN)
(Release 16)}},
 type = {Technical Specification (TS)},
 url = {https://www.atis.org/wp-content/uploads/3gpp-documents/Rel16/ATIS.3GPP.38.821.V1600.pdf}
}




